@book{Arhitektura,
  title = {{Arhitektura i organizacija raƒçunara}},
  author = {Andrew Tanenbaum},
  year = {2007},
  isbn = {978-86-7555-314-4},
  note = {\url{http://www.mikroknjiga.rs/store/prikaz.php?ref=978-86-7555-314-4}},
  publisher = {Mikro knjiga},
  address = {Beograd}
}



@misc{x86Assembly,
 title = {{x86 Assembly}},
 note = {on-line at: \url{http://en.wikibooks.org/wiki/X86_Assembly}},
    note = {From Wikibooks, the open-content textbooks collection}
}

@misc{Introduction,
 title = {{Introduction to x64 Assembly}},
 note = {on-line at: \url{http://software.intel.com/en-us/articles/introduction-to-x64-assembly}},
 author ={Chris Lomont},
 year = {2010}
}



@misc{Wikipedia,
 title = {{x86-64}},
 note ={on-line at: \url{http://en.wikipedia.org/wiki/X86-64}},
 note = {From Wikipedia, the free encyclopedia}
}



@misc{Wikipedia2,
 title = {{x86 instruction listings}},
 note ={on-line at: \url{http://en.wikipedia.org/wiki/X86_instruction_listings}},
 note = {From Wikipedia, the free encyclopedia}
}

















